@misc{ve477,
	title={VE477 -- Introduction to Algorithms (lecture slides)},
	author={Manuel},
	page=44,
	year=2019,
}

@book{intro3rd,
	title={Introduction to Algorithms -- Third Edition},
	publisher = {The MIT Press},
	author={Cormen Thomas H., Leiserson Charles E. and etc.},
	year=2009,
}
