@misc{ve477,
	title={VE477 -- Introduction to Algorithms (lecture slides)},
	author={Manuel},
	year=2019,
}

@book{intro3rd,
	title={Introduction to Algorithms -- Third Edition},
	publisher = {The MIT Press},
	author={Cormen Thomas H., Leiserson Charles E. and etc.},
	year=2009,
}

@misc{ve281,
	title={VE281 -- Data Structure and Algorithms (lecture slides)},
	author={Xiaofeng Gao},
	year=2019,
}

@misc{stanford,
	title={Amitâ€™s Thoughts on Pathfinding},
	howpublished={\url{http://theory.stanford.edu/~amitp/GameProgramming/index.html}},
	note={Accessed November 13, 2019},
	author = {Amit Patel},
}

@Inbook{def,
	author={Peter Norvig and Stuart J. Russell},
	title={Infrastructure for search algorithms},
	bookTitle={Artificial Intelligence: A Modern Approach},
	year={2009},
	publisher={Pearson},
	pages={80},
}

@Inbook{time,
	author={Peter Norvig and Stuart J. Russell},
	title={Infrastructure for search algorithms},
	bookTitle={Artificial Intelligence: A Modern Approach},
	year={2009},
	publisher={Pearson},
	pages={98},
}