@misc{ve477,
	title={VE477 -- Introduction to Algorithms (lecture slides)},
	author={Manuel},
	year=2019,
}

@book{intro3rd,
	title={Introduction to Algorithms -- Third Edition},
	publisher = {The MIT Press},
	author={Cormen Thomas H., Leiserson Charles E. and etc.},
	year=2009,
}

@misc{ve281,
	title={VE281 -- Data Structure and Algorithms (lecture slides)},
	author={Xiaofeng Gao},
	year=2019,
}
