@misc{ve477,
	title={VE477 -- Introduction to Algorithms (lecture slides)},
	author={Manuel},
	year=2019,
}
@misc{redmon2015look,
    title={You Only Look Once: Unified, Real-Time Object Detection},
    author={Joseph Redmon and Santosh Divvala and Ross Girshick and Ali Farhadi},
    year={2015},
    eprint={1506.02640},
    archivePrefix={arXiv},
    primaryClass={cs.CV}
}
