@misc{ve477,
	title={VE477 -- Introduction to Algorithms (lecture slides)},
	author={Manuel},
	year=2019,
}

@book{d_i_p,
	title= {Digital Image Processing(Second Edition)},
	publisher = {Prentice Hall},
	author = {Rafael C. Gonzalez, Richard E. Woods},
	year=2003,
}

@book{MachineVision,
	title ={Machine Vision: Theory, Algorithms and Practicalities},
	author = {E. Davies },
	publisher = {Academic Press},
	year = 1990,
}

@misc{uk,
	title = {Spatial Filters - Gaussian Smoothing},
	author = {Bob Fisher, Simon Perkins and etc.},
	year = {2006},
}



